% Encoding: UTF-8

@Book{seriouscrypto,
  title     = {Serious Cryptography: A Practical Introduction to Modern Encryption},
  publisher = {no starch press},
  year      = {2017},
  author    = {Jean-Philippe Aumasson},
}

@Comment{jabref-meta: databaseType:bibtex;}
